<collection xmlns="http://www.loc.gov/MARC21/slim">
<record>
  <leader>01406nam a2200301 a 4500</leader>
  <controlfield tag="001">3217019</controlfield>
  <controlfield tag="007">he amb---bbcp</controlfield>
  <controlfield tag="007">he bmb---baap</controlfield>
  <controlfield tag="008">850214s1879    xx      b     000 0 eng d</controlfield>
  <datafield tag="020" ind1=" " ind2=" ">
    <subfield code="a">0665288239</subfield>
  </datafield>
  <datafield tag="035" ind1=" " ind2=" ">
    <subfield code="a">ocm20612387</subfield>
  </datafield>
  <datafield tag="040" ind1=" " ind2=" ">
    <subfield code="a">CaOOCIHM</subfield>
    <subfield code="b">eng</subfield>
    <subfield code="d">AEU</subfield>
  </datafield>
  <datafield tag="082" ind1="0" ind2=" ">
    <subfield code="a">610.92</subfield>
    <subfield code="2">19</subfield>
  </datafield>
  <datafield tag="090" ind1=" " ind2=" ">
    <subfield code="a">FC 02 0203 no. 28823</subfield>
    <subfield code="b">AEU</subfield>
  </datafield>
  <datafield tag="245" ind1="0" ind2="0">
    <subfield code="a">Testimonials in favour of E. St. G. Baldwin, M.B.C.M., Edin., L.R. C. S.E.</subfield>
    <subfield code="h">[microform] :</subfield>
    <subfield code="b">late resident surgeon university clinical wards, Royal Infirmary, Edinburgh ; late resident physician, Royal Infirmary, Edinburgh ; physician to the Toronto Dispensary, &amp;c.</subfield>
  </datafield>
  <datafield tag="260" ind1=" " ind2=" ">
    <subfield code="a">[S.l. :</subfield>
    <subfield code="b">s.n.,</subfield>
    <subfield code="c">187-?]</subfield>
  </datafield>
  <datafield tag="300" ind1=" " ind2=" ">
    <subfield code="a">1 microfiche (12 fr.).</subfield>
  </datafield>
  <datafield tag="490" ind1="1" ind2=" ">
    <subfield code="a">CIHM/ICMH Microfiche series = CIHM/ICMH collection de microfiches ;</subfield>
    <subfield code="v">no. 28823</subfield>
  </datafield>
  <datafield tag="533" ind1=" " ind2=" ">
    <subfield code="a">Filmed from a copy of the original publication held by the Metropolitan Toronto Library, Canadian History Department.</subfield>
    <subfield code="b">Ottawa :</subfield>
    <subfield code="c">Canadian Institute for Historical Microreproductions,</subfield>
    <subfield code="d">1984.</subfield>
  </datafield>
  <datafield tag="534" ind1=" " ind2=" ">
    <subfield code="e">15 p.</subfield>
  </datafield>
  <datafield tag="596" ind1=" " ind2=" ">
    <subfield code="a">43</subfield>
  </datafield>
  <datafield tag="600" ind1="1" ind2="0">
    <subfield code="a">Baldwin, E. St. G.</subfield>
    <subfield code="q">(Edmund Saint George),</subfield>
    <subfield code="d">b. 1861.</subfield>
  </datafield>
  <datafield tag="600" ind1="1" ind2="6">
    <subfield code="a">Baldwin, E. St. G.</subfield>
    <subfield code="q">(Edmund Saint George),</subfield>
    <subfield code="d">né 186</subfield>
  </datafield>
<!-- No separator at end of field length=58 -->
<!-- Bad indicator data. Skipping 2 bytes -->
  <datafield tag="700" ind1="1" ind2=" ">
    <subfield code="a">Baldwin, E. St. G.</subfield>
    <subfield code="q">(Edmund Saint George),</subfield>
    <subfield code="d">b. 1861.</subfield>
  </datafield>
<!-- Bad indicator data. Skipping 2 bytes -->
  <datafield tag="830" ind1=" " ind2="0">
    <subfield code="a">CIHM/ICMH microfiche series ;</subfield>
    <subfield code="v">no. 28823</subfield>
  </datafield>
<!-- Bad indicator data. Skipping 2 bytes -->
  <datafield tag="949" ind1=" " ind2=" ">
    <subfield code="h">UAHS-MF</subfield>
    <subfield code="z">CIHMMPRE</subfield>
  </datafield>
<!-- Bad indicator data. Skipping 2 bytes -->
  <datafield tag="016" ind1=" " ind2=" ">
    <subfield code="a"> 856256072</subfield>
  </datafield>
<!-- Bad indicator data. Skipping 2 bytes -->
  <datafield tag="926" ind1=" " ind2=" ">
    <subfield code="a">UAHSS</subfield>
    <subfield code="b">MICROFICHE</subfield>
    <subfield code="c">FC 02 0203 no. 28823</subfield>
    <subfield code="d">MICROFORM</subfield>
    <subfield code="f">1</subfield>
  </datafield>
</record>
</collection>
